@article{Tohline2002,
author = {Tohline, Joel E.},
title = {The Origin of Binary Stars},
journal = {Annual Review of Astronomy and Astrophysics},
volume = {40},
number = {1},
pages = {349-385},
year = {2002},
doi = {10.1146/annurev.astro.40.060401.093810},
URL = {https://doi.org/10.1146/annurev.astro.40.060401.093810},
eprint = {https://doi.org/10.1146/annurev.astro.40.060401.093810}
}

@article{KuijkenDubinski,
    author = {Kuijken, Konrad and Dubinski, John},
    title = "{Nearly self-consistent disc–bulge–halo models for galaxies}",
    journal = {Monthly Notices of the Royal Astronomical Society},
    volume = {277},
    number = {4},
    pages = {1341-1353},
    year = {1995},
    month = {12},
    issn = {0035-8711},
    doi = {10.1093/mnras/277.4.1341},
    url = {https://doi.org/10.1093/mnras/277.4.1341},
    eprint = {https://academic.oup.com/mnras/article-pdf/277/4/1341/4300904/mnras277-1341.pdf},
}
@article{Lotz_2008,
   title={Galaxy merger morphologies and time-scales from simulations of equal-mass gas-rich disc mergers},
   volume={391},
   ISSN={1365-2966},
   url={http://dx.doi.org/10.1111/j.1365-2966.2008.14004.x},
   DOI={10.1111/j.1365-2966.2008.14004.x},
   number={3},
   journal={Monthly Notices of the Royal Astronomical Society},
   publisher={Oxford University Press (OUP)},
   author={Lotz, Jennifer M. and Jonsson, Patrik and Cox, T. J. and Primack, Joel R.},
   year={2008},
   month={Dec},
   pages={1137–1162}
}
